<collection xmlns="http://www.loc.gov/MARC21/slim"><record><leader>00950nam  2200265   450</leader><controlfield tag="001">967</controlfield><controlfield tag="003">http://montalegre.opacnet.com/OPAC/default.aspx?ContentAreaControl=ShowRegHoldings.ascx&amp;RegNo=16662</controlfield><controlfield tag="005">20</controlfield><datafield tag="010" ind1=" " ind2=" "><subfield code="a">972-1-02785-5</subfield></datafield><datafield tag="100" ind1=" " ind2=" "><subfield code="a">20061013d1976    m  y0pory0103    ba</subfield></datafield><datafield tag="101" ind1="1" ind2=" "><subfield code="a">por</subfield><subfield code="c">ita</subfield></datafield><datafield tag="102" ind1=" " ind2=" "><subfield code="a">PT</subfield></datafield><datafield tag="200" ind1="1" ind2=" "><subfield code="a">&lt;O &gt;príncipe</subfield><subfield code="f">Nicolau Maquiavel</subfield><subfield code="g">trad.: Fernanda Pinto Rodrigues, M. Antonieta Mendonça</subfield><subfield code="g">comentado por Napoleão Bonaparte</subfield></datafield><datafield tag="205" ind1=" " ind2=" "><subfield code="a">2ª ed</subfield></datafield><datafield tag="210" ind1=" " ind2=" "><subfield code="a">Lisboa</subfield><subfield code="c">Europa-América</subfield><subfield code="d">1976</subfield></datafield><datafield tag="215" ind1=" " ind2=" "><subfield code="a">182, [6] p.</subfield><subfield code="d">18 cm</subfield></datafield><datafield tag="225" ind1="2" ind2=" "><subfield code="a">Livros de bolso Europa-América</subfield><subfield code="v">24</subfield></datafield><datafield tag="606" ind1=" " ind2=" "><subfield code="a">Política</subfield></datafield><datafield tag="675" ind1=" " ind2=" "><subfield code="a">32</subfield></datafield><datafield tag="700" ind1=" " ind2="1"><subfield code="a">Maquiavel</subfield><subfield code="b">Nicolau Bernardo</subfield><subfield code="f">1469-1527</subfield></datafield><datafield tag="702" ind1=" " ind2="1"><subfield code="a">Rodrigues</subfield><subfield code="b">Fernanda Pinto</subfield><subfield code="4">730</subfield></datafield><datafield tag="702" ind1=" " ind2="1"><subfield code="a">Mendonça</subfield><subfield code="b">M. Antonieta</subfield><subfield code="4">730</subfield></datafield><datafield tag="702" ind1=" " ind2="1"><subfield code="a">Bonaparte</subfield><subfield code="b">Napoleão</subfield><subfield code="c">Imperador de França</subfield><subfield code="f">1769-1821</subfield><subfield code="4">212</subfield></datafield><datafield tag="801" ind1=" " ind2="0"><subfield code="a">PT</subfield><subfield code="b">Biblioteca Municipal de Montalegre</subfield><subfield code="g">RPC</subfield></datafield><datafield tag="856" ind1=" " ind2=" "><subfield code="u">locateMedia.asp?cod=20060704104539&amp;ext=jpg</subfield><subfield code="z">CAPA</subfield></datafield><datafield tag="909" ind1="&#9;" ind2=" "><subfield code="a">1</subfield></datafield><datafield tag="966" ind1=" " ind2=" "><subfield code="a">0015363</subfield><subfield code="l">BMM</subfield><subfield code="s">SCG 32 MAQ prí 24</subfield></datafield></record></collection>